@inproceedings{adriaens2012case,
  title={The case for {GPGPU} spatial multitasking},
  author={Adriaens, Jacob T and Compton, Katherine and Kim, Nam Sung and Schulte, Michael J},
  booktitle={HPCA},
  pages={1--12},
  year={2012}
}

@inproceedings{rsp,
author= {Wickerson, John and Batty, Mark and Beckmann, Bradford M. and Donaldson, Alastair F.},
title={ Remote-scope promotion: clarified, rectified, and verified},
booktitle={OOPSLA},
year = {2015},
publisher = {ACM},
note = {To appear}
}

@inproceedings{cav12-sela,
author = {Sela Mador-Haim and Luc Maranget and Susmit Sarkar and Kayvan Memarian and Jade Alglave and
 Scott Owens and Rajeev Alur and Milo M. K. Martinand Peter Sewell and Derek Williams},
 title = { An Axiomatic Memory Model for POWER Multiprocessors},
 booktitle = {CAV},
 year = 2012,
 publisher = {Springer},
 pages = { 495-512}}

@misc{cuda-6,
	Author = {\nvidia},
	Date-Added = {2014-02-24 16:19:38 +0000},
	Date-Modified = {2014-02-24 16:44:05 +0000},
	Month = {July},
	Title = {{CUDA} {C} Programming Guide, Version 6},
	Year = {2014}}

@misc{cuda-7,
	Author = {\nvidia},
	Month = {March},
	Title = {{CUDA} {C} Programming Guide, Version 7},
	Year = {2015},
note = {\url{http://docs.nvidia.com/cuda/pdf/CUDA_C_Programming_Guide.pdf}}}

@misc{curand,
	Author = {\nvidia},
	Month = {March},
	Title = {cu{RAND}, Version 7},
	Year = {2015},
note={\url{http://docs.nvidia.com/cuda/pdf/CURAND_Library.pdf}}}


@misc{clang,
	Author = {The {C}lang Team},
        Title = {{C}lang 3.8 {L}ib{T}ooling},
	Year = {2015},
 note = {\url{http://clang.llvm.org/docs/LibTooling.html}}
}


@misc{cuda-7-sdk,
	Author = {\nvidia},
year = {2015},
title = "{{CUDA} Code Samples}",
note = {\url{https://developer.nvidia.com/cuda-code-samples}}
}



@misc{cuda-runtime-api,
	Author = {\nvidia},
	Month = {March},
	Title = {{CUDA} RUNTIME {API}},
	Year = {2015},
        Note = {\url{http://docs.nvidia.com/cuda/pdf/CUDA_Runtime_API.pdf}},
}

@misc{nvml,
	Author = {\nvidia},
	Month = {March},
	Title = {{NVML} Reference Manual},
	Year = {2015},
        Note = {\url{http://docs.nvidia.com/deploy/pdf/NVML_API_Reference_Guide.pdf}},
}

@misc{cuda-memcheck,
	Author = {\nvidia},
	Title = {{CUDA}-memcheck},
	Year = {2015},
        Note = {\url{https://developer.nvidia.com/CUDA-MEMCHECK}},
}

@misc{fermi-white-paper,
	Author = {\nvidia},

  Note = {\url{http://www.nvidia.com/content/PDF/fermi_white_papers/NVIDIA_Fermi_Compute_Architecture_Whitepaper.pdf}},
	Title = {\nvidia’s Next Generation {CUDA} Compute Architecture: {Fermi} V1.1},
	Year = {2009}}

@misc{kepler-white-paper,
	Author = {\nvidia},

  Note = {\url{http://www.nvidia.com/content/PDF/kepler/NVIDIA-Kepler-GK110-Architecture-Whitepaper.pdf}},
	Title = {\nvidia’s Next Generation {CUDA} Compute Architecture:
                  Kepler GK110 V1.0},
	Year = {2012}}

@misc{maxwell-white-paper,
	Author = {\nvidia},

  Note = {\url{http://international.download.nvidia.com/geforce-com/international/pdfs/GeForce-GTX-750-Ti-Whitepaper.pdf}},
	Title = {\nvidia{} GeForce GTX 750 Ti V1.1},

	Year = {2014}}

@misc{nvidia-binary-utilities,
	Author = {\nvidia},
	Month = {February},
  Note = {\url{http://docs.nvidia.com/cuda/pdf/CUDA_Binary_Utilities.pdf}},
	Title = {{CUDA} Binary Utilites V6.0},

	Year = {2014}}





@misc{arm-cookbook,
	Author = {ARM},
	Month = {November},
  Note = {\url{http://infocenter.arm.com/help/topic/com.arm.doc.genc007826/Barrier_Litmus_s_and_Cookbook_A08.pdf}},
	Title = {Barrier Litmus Tests and Cookbook},
	Year = {2009}}


@misc{gpgpu-wiki,
author = {Wikipedia},
title  =  {General-purpose computing on graphics processing units},
note   =  {\url{http://en.wikipedia.org/wiki/General-purpose_computing_on_graphics_processing_units}}}

@misc{pareto-wiki,
author = {Wikipedia},
title  =  {Pareto efficiency},
year = {2015},
note   =  {\url{https://en.wikipedia.org/wiki/Pareto_efficiency}}}




@misc{barrier-wiki,
author = {Wikipedia},
title  =  {Memory barrier},
note   =  {\url{https://en.wikipedia.org/wiki/Memory_barrier}},
Year = 2015}


@misc{ipad-wiki,
author = {Wikipedia},
title  =  {i{P}ad},
note   =  {\url{http://en.wikipedia.org/wiki/IPad}}}


@misc{coprocessor-wiki,
author = {Wikipedia},
title  =  {Coprocessor},
note   =  {\url{http://en.wikipedia.org/wiki/Coprocessor}}}

@misc{samsung-galaxy-wiki,
author = {Wikipedia},
title  =  {Samsung Galaxy {S}},
note   =  {\url{http://en.wikipedia.org/wiki/Samsung_Galaxy_S}}}


@misc{race-condition-wiki,
author = {Wikipedia},
title  =  {Race Condition},
note   =  {\url{http://en.wikipedia.org/wiki/Race_condition}}}

@misc{dlb-web,
author = {Daniel Cederman AND Philippas Tsigas},
title  =  {Dynamic Load Balancing on Graphics Processors},
note   =  {\url{http://www.cse.chalmers.se/research/group/dcs/gpuloadbal.html}},
year   = {2014},
month = {Feb.}

}

@misc{ptx-4.2,
author = {\nvidia},
title = "PARALLEL THREAD EXECUTION {ISA}: VERSION 4.2",
year = {2015},
month = {March},
note = {\url{http://docs.nvidia.com/cuda/pdf/ptx_isa_4.2.pdf}}

}

@misc{ptx-4.0,
author = {\nvidia},
title = "PARALLEL THREAD EXECUTION {ISA}: VERSION 4.0",
year = {2014},
month = {Feb.}
}

@misc{SPARC-guide,
author = "David L. Weaver and Tom Germond",
title = "The {SPARC} {A}rchitecture {M}anual: {V}ersion 9 (1994)",
note = {\url{http://www.sparc.com/standards/SPARCV9.pdf}}
}

@Misc{opencl2,
author = {{Khronos Group}},
title  =  "{O}pen{CL}: {O}pen {C}omputing {L}anguage",
note   =  {\url{http://www.khronos.org/opencl}}}

@misc{Power-ISA,
author = "IBM",
title = {{P}ower {ISA} 2.06},
year = "2009",
note = {\url{http://www.power.org/documentation/power-isa-version-2-06-revision-b}}
}

@misc{Power-ISA-10,
author = "IBM",
title = {{P}ower {ISA} 2.06 Revision {B}},
year = "2010",
note = {\url{http://www.power.org/documentation/power-isa-version-2-06-revision-b}}
}

@article {magma,
    AUTHOR = {Bosma, Wieb and Cannon, John and Playoust, Catherine},
     TITLE = {The {M}agma algebra system. {I}. {T}he user language},
   JOURNAL = {Journal of Symbolic Computation},
    VOLUME = {24},
      YEAR = {1997},
    NUMBER = {3-4},
     PAGES = {235--265},
}

@inproceedings{MGG12,
 author = {Merrill, Duane and Garland, Michael and Grimshaw, Andrew},
 title = {Scalable {GPU} graph traversal},
 booktitle = {PPoPP},
 year = {2012},
 pages = {117--128},
 publisher = {ACM}
} 

@incollection{Murphi,
year={1996},
booktitle={Computer Aided Verification},
volume={1102},
series={Lecture Notes in Computer Science},
title={The {M}urphi verification system},
publisher={Springer Berlin Heidelberg},
author={Dill, DavidL.},
pages={390-393}
}

@article{Yang:2005:UOM:1064184.1064187,
 author = {Yang, Yue and Gopalakrishnan, Ganesh and Lindstrom, Gary},
 title = {UMM: an operational memory model specification framework with integrated model checking capability: Research Articles},
 journal = {Concurr. Comput. : Pract. Exper.},
 issue_date = {April 2005},
 volume = {17},
 number = {5-6},
 month = apr,
 year = {2005},
 issn = {1532-0626},
 pages = {465--487},
 numpages = {23},
 url = {http://dx.doi.org/10.1002/cpe.v17:5/6},
 doi = {10.1002/cpe.v17:5/6},
 acmid = {1064187},
 publisher = {John Wiley and Sons Ltd.},
 address = {Chichester, UK},
 keywords = {Java thread, formal verification, memory model, operational specification},
} 

@inproceedings{Dill:1993:FSA:163429.163442,
 author = {Dill, David L and Park, Seungjoon and Nowatzyk, Andreas G.},
 title = {Formal specification of abstract memory models},
 booktitle = {Proceedings of the 1993 symposium on Research on integrated systems},
 year = {1993},
 isbn = {0-262-02357-1},
 location = {Seattle, Washington, USA},
 pages = {38--52},
 numpages = {15},
 url = {http://dl.acm.org/citation.cfm?id=163429.163442},
 acmid = {163442},
 publisher = {MIT Press},
 address = {Cambridge, MA, USA},
} 

@book{Kirk-cuda-book,
 author = {Kirk, David B. and Hwu, Wen-mei W.},
 title = {Programming Massively Parallel Processors: A Hands-on Approach},
 year = {2010},
 edition = {1st},
 publisher = {Morgan Kaufmann Publishers Inc.},
 address = {San Francisco, CA, USA},
} 

@book{SK10,
 author = {Sanders, Jason and Kandrot, Edward},
 title = {{CUDA} by Example: An Introduction to General-Purpose {GPU} Programming},
 year = {2010},
 publisher = {Addison-Wesley Professional},
} 

@misc{Cuda-by-example-errata,
   author = {\nvidia},
year = {2014},
month = {June},
    title = "{CUDA} By Example --- Errata",
   note = {\url{http://developer.nvidia.com/cuda-example-errata-page}}
}

@misc{cub,
   author = {\nvidia},
year = {2015},
month = {{A}pril},
    title = "{CUB}",
   note = {\url{http://nvlabs.github.io/cub/}}
}

@misc{numdiff,
   author = {Ivano Primi},
year = {2013},
month = {{S}ept.},
    title = "Numdiff",
   note = {\url{http://www.nongnu.org/numdiff/}}
}



@misc{arm::rar,
   author = {ARM},
   title = "{C}ortex-{A9} {MPCore}, Programmer Advice Notice, Read-after-Read Hazards {ARM} Reference 761319",
 year = {2011},
month = {Sept.},
}


@article{LAMMPS-gpu,
  title = {Implementing molecular dynamics on hybrid high performance computers - short range forces},
  author = {W. Michael Brown and Peng Wang and Steven J. Plimpton and Arnold N. Tharrington},
  year = {2011},
  doi = {http://dx.doi.org/10.1016/j.cpc.2010.12.021},
  researchr = {http://researchr.org/publication/BrownWPT11},
  cites = {0},
  citedby = {0},
  journal = {Computer Physics Communications},
  volume = {182},
  number = {4},
  pages = {898-911},
}

@inproceedings{GPU-mri,
 author = {Stone, Samuel S. and Haldar, Justin P. and Tsao, Stephanie C. and Hwu, Wen-mei W. and Liang, Zhi-Pei and Sutton, Bradley P.},
 title = {Accelerating advanced {MRI} reconstructions on {GPU}s},
 booktitle = {Proceedings of the 5th conference on Computing frontiers},
 series = {CF '08},
 year = {2008},
 pages = {261--272},
 publisher = {ACM},
 address = {New York, NY, USA},
} 

@article{Netzer-race-conditions,
 author = {Netzer, Robert H. B. and Miller, Barton P.},
 title = {What are race conditions?: Some issues and formalizations},
 journal = {ACM Lett. Program. Lang. Syst.},
 issue_date = {March 1992},
 volume = {1},
 number = {1},
 month = mar,
 year = {1992},
 pages = {74--88},
 publisher = {ACM},
 address = {New York, NY, USA},
} 

@article{Therac-25-investigation,
 author = {Leveson, N. G. and Turner, C. S.},
 title = {An Investigation of the {T}herac-25 Accidents},
 journal = {Computer},
 issue_date = {July 1993},
 volume = {26},
 number = {7},
 month = jul,
 year = {1993},
 pages = {18--41},
 numpages = {24},
 publisher = {IEEE Computer Society Press},
 address = {Los Alamitos, CA, USA},
} 


@misc{C11-draft,
   author = "ISO/IEC",
    title = "Programming Languages - {C}, draft {N}1570",
   year = "2011",
   note = {\url{http://www.open-std.org/jtc1/sc22/wg14/www/docs/n1570.pdf}}
}

@misc{ Northeast-blackout,
   author = {{U.S.-Canada Power System Outage Task Force}},
   title = "Final Report on the {A}ugust 14, 2003 Blackout in the {U}nited {S}tates and {C}anada: Causes and Recommendations",
   year = "2004",
   note  = "{\url{https://reports.energy.gov/}}",
 }


@book{Mark-hill-book,
  author    = {Daniel J. Sorin and
               Mark D. Hill and
               David A. Wood},
  title     = {A Primer on Memory Consistency and Cache Coherence},
  publisher = {Morgan {\&} Claypool Publishers},
  series    = {Synthesis Lectures on Computer Architecture},
  year      = {2011},
  ee        = {http://dx.doi.org/10.2200/S00346ED1V01Y201104CAC016},
  bibsource = {DBLP, http://dblp.uni-trier.de}
}


@ARTICLE{Lamport93, 
author={Lamport, L.}, 
journal={Computers, IEEE Transactions on}, 
title={How to make a correct multiprocess program execute correctly on a multiprocessor,},
year={1997}, 
volume={46}, 
number={7}, 
pages={779-782}, 
}


@article{Lamport79-SC,
 author = {Lamport, L.},
 title = {How to Make a Multiprocessor Computer That Correctly Executes Multiprocess Programs},
 journal = {IEEE Trans. Comput.},
 issue_date = {September 1979},
 month = sep,
 year = {1979},
 pages = {690--691},
 publisher = {IEEE Computer Society},
} 


@inproceedings{Alglave-fencesin,
 author = {Alglave, Jade and Maranget, Luc and Sarkar, Susmit and Sewell, Peter},
 title = {Fences in weak memory models},
 booktitle = {Proceedings of the 22nd international conference on Computer Aided Verification},
 series = {CAV'10},
 year = {2010},
 pages = {258--272},
 publisher = {Springer-Verlag},
 address = {Berlin, Heidelberg},
}

@inproceedings{murali-fmcad09,
  author = {John W. O Leary and Murali Talupur and Mark R. Tuttle},
  title = {Protocol verification using flows: An industrial experience},
  booktitle = {Proceedings of 9th International Conference on Formal Methods in Computer-Aided Design},
  series = {FMCAD'09},
  year = {2009},
  pages = {172-179},
  publisher = {IEEE},
}


@inproceedings{Uintah-radiation,
 author = {Humphrey, Alan and Meng, Qingyu and Berzins, Martin and Harman, Todd},
 title = {Radiation modeling using the Uintah heterogeneous CPU/{GPU} runtime system},
 booktitle = {Proceedings of the 1st Conference of the Extreme Science and Engineering Discovery Environment: Bridging from the eXtreme to the campus and beyond},
 series = {XSEDE '12},
 year = {2012},
 pages = {4:1--4:8},
 articleno = {4},
 publisher = {ACM},
 address = {New York, NY, USA},
} 

@inproceedings{Boehm_cpp_mem_model,
  author    = {Hans{-}Juergen Boehm and
               Sarita V. Adve},
  title     = {Foundations of the {C++} concurrency memory model},
  booktitle = {Programming Language Design and Implementation (PLDI)},
  pages     = {68--78},
  year      = {2008},
}


@article{Jack-about-memory-models,
 author = {Boehm, Hans-J. and Adve, Sarita V.},
 title = {You don't know jack about shared variables or memory models},
 journal = {Commun. ACM},
 issue_date = {February 2012},
 volume = {55},
 number = {2},
 month = feb,
 year = {2012},
 pages = {48--54},
 publisher = {ACM},
 address = {New York, NY, USA},
} 

@inproceedings{Sela-litmus-tests,
 author = {Mador-Haim, Sela and Alur, Rajeev and Martin, Milo M. K.},
 title = {Litmus tests for comparing memory consistency models: how long do they need to be?},
 booktitle = {Proceedings of the 48th Design Automation Conference},
 series = {DAC '11},
 year = {2011},
 pages = {504--509},
 publisher = {ACM},
 address = {New York, NY, USA},
} 

@INPROCEEDINGS{Abts00towardcomplexityeffective,
    author = {Dennis Abts and David J. Lilja and Steve Scott},
    title = {Toward complexityeffective verification: A case study of the Cray SV2 cache coherence protocol},
    booktitle = {In Proceedings of the Workshop on Complexity-Effective Design held in conjunction with the 27th annual Int’l Symposium on Computer Architecture (ISCA2000},
    year = {2000}
}

@Misc{cray-sv2-lilja,
  author =       "Dennis Abts and David J. Lilja and Steve Scott",
  title =        "Toward Complexity-Effective Verification: {A} Case
                 Study of the {C}ray {SV2} Cache Coherence Protocol",
  year =         "2000",
}



@article{Gharachorloo_performanceevaluation,
 author = {Gharachorloo, Kourosh and Gupta, Anoop and Hennessy, John},
 title = {Performance evaluation of memory consistency models for shared-memory multiprocessors},
 journal = {SIGARCH Comput. Archit. News},
 issue_date = {Apr. 1991},
 volume = {19},
 number = {2},
 month = apr,
 year = {1991},
 pages = {245--257},
 publisher = {ACM},
 address = {New York, NY, USA},
} 


@article{Plotkin81astructural,
  title={A structural approach to operational semantics},
  author={Plotkin, Gordon D},
  year={1981},
  note={Computer Science Department, Aarhus University Denmark}
}

@ARTICLE{Flynns-taxonomy, 
author={Flynn, Michael J.}, 
journal={Computers, IEEE Transactions on}, 
title={Some Computer Organizations and Their Effectiveness}, 
year={1972}, 
month={sept. }, 
volume={C-21}, 
number={9}, 
pages={948 -960}, 
}

@inproceedings{LLSGGR12,
 author = {Li, Guodong and Li, Peng and Sawaya, Geof and Gopalakrishnan, Ganesh and Ghosh, Indradeep and Rajan, Sreeranga P.},
 title = {{GKLEE}: concolic verification and test generation for {GPU}s},
 booktitle = {PPoPP},
 year = {2012},
 pages = {215--224},
 publisher = {ACM},
} 


@proceedings{DBLP:conf/sc/2012,
  editor    = {Jeffrey K. Hollingsworth},
  title     = {SC Conference on High Performance Computing Networking,
               Storage and Analysis, SC '12, Salt Lake City, UT, USA -
               November 11 - 15, 2012},
  booktitle = {SC},
  publisher = {IEEE/ACM},
  year      = {2012},
  isbn      = {978-1-4673-0804-5},
  ee        = {http://dl.acm.org/citation.cfm?id=2388996},
  bibsource = {DBLP, http://dblp.uni-trier.de}
}

@inproceedings{DBLP:conf/sc/LiLG12,
  author    = {Peng Li and
               Guodong Li and
               Ganesh Gopalakrishnan},
  title     = {Parametric flows: automated behavior equivalencing for symbolic
               analysis of races in {CUDA} programs},
  booktitle = {SC, Conference on High Performance Computing Networking, Storage and Analysis, IEEE/ACM},
  year      = {2012},
  pages     = {29},
  editor    = {Jeffrey K. Hollingsworth},
  ee        = {http://dl.acm.org/citation.cfm?id=2389036},
  crossref  = {DBLP:conf/sc/2012},
  bibsource = {DBLP, http://dblp.uni-trier.de},
  address = {Salt Lake City, UT, USA},
  date  = {November 11 - 15},
  note = {ISBN 978-1-4673-0804-5}
}





@inproceedings{LPAF13,
 author = {L\^{e}, Nhat Minh and Pop, Antoniu and Cohen, Albert and Zappa Nardelli, Francesco},
 title = {Correct and efficient work-stealing for weak memory models},
 series = {PPoPP '13},
 year = {2013},
 isbn = {978-1-4503-1922-5},
 location = {Shenzhen, China},
 pages = {69--80},
 numpages = {12},
 publisher = {ACM},
 keywords = {lock-free algorithm, proof, relaxed memory model, work-stealing},
} 

@misc{Mars-Path-Finder,
   author = {Michael B. Jones},
    title = {What really happened on {M}ars?},
   year = {1997},
   note = {Retrieved {F}eb. 2013 from \url{http://research.microsoft.com/en-us/um/people/mbj/mars_pathfinder/}}}

@article{alglave-cats-2014,
  author    = {Jade Alglave and
               Luc Maranget and
               Michael Tautschnig},
  title     = {Herding Cats: Modelling, Simulation, Testing, and Data Mining for
               Weak Memory},
  journal   = {{ACM} Trans. Program. Lang. Syst.},
  volume    = {36},
  number    = {2},
  pages     = {7:1--7:74},
  year      = {2014},
}



@inproceedings{alglave-litmus,
	Author = {Alglave, Jade and Maranget, Luc and Sarkar, Susmit and Sewell, Peter},
	Series = {TACAS},
pages = {41--44},
	Title = {Litmus: Running Tests Against Hardware},
         Publisher = {Springer},
        year = {2011}
}

@article{Alglave-diy,
	Author = {Alglave, Jade and Maranget, Luc and Sarkar, Susmit and Sewell, Peter},
	Doi = {10.1007/s10703-011-0135-z},
	Journal = {Formal Methods in System Design},
	Keywords = {Weak memory models; Formal proofs; Testing tool; PowerPC; Generic framework; Fences},
	Language = {English},
	Number = {2},
	Pages = {170-205},
	Publisher = {Springer US},
	Title = {Fences in weak memory models (extended version)},
	Url = {http://dx.doi.org/10.1007/s10703-011-0135-z},
	Volume = {40},
	Year = {2012},
	Bdsk-Url-1 = {http://dx.doi.org/10.1007/s10703-011-0135-z}}

@inproceedings{TSO-Tool,
 author = {Hangal, Sudheendra and Vahia, Durgam and Manovit, Chaiyasit and Lu, Juin-Yeu Joseph},
 title = {TSOtool: A Program for Verifying Memory Systems Using the Memory Consistency Model},
 series = {ISCA '04},
 year = {2004},
 publisher = {IEEE Computer Society},
}

@book{archtest-collier,
 author = {Collier, William W.},
 title = {Reasoning About Parallel Architectures},
 year = {1992},
 isbn = {0-13-767187-3},
 publisher = {Prentice-Hall, Inc.},
} 


@inproceedings{hower-asplos14-hrf,
  author    = {Derek R. Hower and
               Blake A. Hechtman and
               Bradford M. Beckmann and
               Benedict R. Gaster and
               Mark D. Hill and
               Steven K. Reinhardt and
               David A. Wood},
  title     = {Heterogeneous-race-free memory models},
  booktitle = {Architectural Support for Programming Languages and Operating Systems (ASPLOS)},
  year      = {2014},
  pages     = {427-440},
}

inproceedings{hower-asplos14-hrf,
  author    = {Derek R. Hower and
               Blake A. Hechtman and
               Bradford M. Beckmann and
               Benedict R. Gaster and
               Mark D. Hill and
               Steven K. Reinhardt and
               David A. Wood},
  title     = {Heterogeneous-race-free memory models},
  series = {ASPLOS'14},
  year      = {2014},
  pages     = {427-440},
publisher = {ACM}
}

@inproceedings{XF10,
  author    = {Shucai Xiao and
               Wu{-}chun Feng},
  title     = {Inter-block {GPU} communication via fast barrier
                  synchronization},
series =   {IPDPS},
year = {2010},
publisher = {IEEE},
  pages     = {1-12},
}



% booktitle={Circuits and Systems (ISCAS), Proceedings of 2010 IEEE International Symposium on}, 

@inproceedings{to-gpu-synchronize-or-not,
  author    = {Wu{-}chun Feng and
               Shucai Xiao},
  title     = {To {GPU} synchronize or not {GPU} synchronize?},
  booktitle = {International Symposium on Circuits and Systems (ISCAS)},
  pages     = {3801--3804},
  year      = {2010},
}


@inproceedings {hower-sc-hrf-2013,
   title={Sequential Consistency for Heterogeneous-Race-Free},
   author={Hower, Derek R and Beckmann, Bradford M and Gaster, Benedict R and Hechtman, Blake A and Hill, Mark D and Reinhardt, Steven K and Wood, David A},
   booktitle = {Memory Systems Performance and Correctness (MSPC)},
   year={2013}
}

@inproceedings{hechtman-sc-for-gpu-hardware,
  author    = {Blake A. Hechtman and
               Daniel J. Sorin},
  title     = {Exploring memory consistency for massively-threaded throughput-oriented
               processors},
  booktitle = {International Symposium on Circuits and Systems (ISCA)},
  year      = {2013},
  pages     = {201-212},
}
@proceedings{DBLP:conf/isca/2013,
  editor    = {Avi Mendelson},
  title     = {The 40th Annual International Symposium on Computer Architecture,
               ISCA'13, Tel-Aviv, Israel, June 23-27, 2013},
  booktitle = {ISCA},
  publisher = {ACM},
  year      = {2013},
  isbn      = {978-1-4503-2079-5},
  ee        = {http://dl.acm.org/citation.cfm?id=2485922},
  bibsource = {DBLP, http://dblp.uni-trier.de}
}



inproceedings{hechtman-sc-for-gpu-hardware,
  author    = {Blake A. Hechtman and
               Daniel J. Sorin},
  title     = {Exploring memory consistency for massively-threaded throughput-oriented
               processors},
	       
  series = {ISCA'13},
 publisher = {ACM},
  year      = {2013},
  pages     = {201-212},
}

@article{X86-model-CACM2010,
 author = {Sewell, Peter and Sarkar, Susmit and Owens, Scott and Nardelli, Francesco Zappa and Myreen, Magnus O.},
 title = {X86-TSO: A Rigorous and Usable Programmer's Model for x86 Multiprocessors},
 journal = {CACM},
 issue_date = {2010},
 year = {2010},
 pages = {89--97},
 publisher = {ACM}
} 

@inproceedings{ICS13-gpu-operational-model,
  author    = {Tyler Sorensen and
               Ganesh Gopalakrishnan and
               Vinod Grover},
  title     = {Towards shared memory consistency models for {GPU}s},
  booktitle = {International Conference on Supercomputing (ICS)},
  year      = {2013},
  pages     = {489-490},
}
@proceedings{DBLP:conf/ics/2013,
  editor    = {Allen D. Malony and
               Mario Nemirovsky and
               Samuel P. Midkiff},
  title     = {International Conference on Supercomputing, ICS'13, Eugene,
               OR, USA - June 10 - 14, 2013},
  booktitle = {ICS},
  publisher = {ACM},
  year      = {2013},
  isbn      = {978-1-4503-2130-3},
  ee        = {http://dl.acm.org/citation.cfm?id=2464996},
  bibsource = {DBLP, http://dblp.uni-trier.de}
}

inproceedings{ICS13-gpu-operational-model,
 author = {Sorensen, Tyler and Gopalakrishnan, Ganesh and Grover, Vinod},
 title = {Towards Shared Memory Consistency Models for {GPU}s},
 series = {ICS'13},
 year = {2013},
 pages = {489--490},
 publisher = {ACM},
} 

@misc{OpenCL-C,
	Author = {{Khronos OpenCL Working Group}},
	Date-Added = {2013-10-12 10:33:42 +0000},
	Date-Modified = {2013-10-15 15:28:00 +0000},
	Edition = {Version 2.0},
	Editor = {Munshi, Aaftab},
	Month = {November},
	Title = {The {OpenCL} {C} Specification},
	Year = {2013}}

@misc{iso/iec12,
	Author = {ISO/IEC},
	Date-Added = {2013-09-30 15:33:07 +0000},
	Date-Modified = {2013-09-30 15:34:03 +0000},
	Title = {Standard for Programming Language {C++}},
	Year = {2012}}

@misc{hsa-il,
	Author = {HSA Foundation},
	Month = {May},
  Note = {\url{http://www.hsafoundation.com/standards/}},
	Title = {HSA Programmer’s Reference Manual, Version 0.95},
	Year = {2013}}

@misc{tutorial-for-arm-and-power,
	Author = {Luc Maranget and Peter Sewell and Susmit Sarkar},
	Month = {October},
  Note = {\url{http://www.cl.cam.ac.uk/~pes20/ppc-supplemental/test7.pdf}},
	Title = {A Tutorial Introduction to the ARM and POWER Relaxed Memory Models},
	Year = {2012}}


@inproceedings{Power-2011-operational-model,
 author = {Sarkar, Susmit and Sewell, Peter and Alglave, Jade and Maranget, Luc and Williams, Derek},
 title = {Understanding POWER Multiprocessors},
 series = {PLDI '11},
 year = {2011},
 pages = {175--186},
 publisher = {ACM},
} 

@inproceedings{Power-2012-axiom,
 author = {Mador-Haim, Sela and Maranget, Luc and Sarkar, Susmit and Memarian, Kayvan and Alglave, Jade and Owens, Scott and Alur, Rajeev and Martin, Milo M. K. and Sewell, Peter and Williams, Derek},
 title = {An Axiomatic Memory Model for POWER Multiprocessors},
 series = {CAV'12},
 year = {2012},
 isbn = {978-3-642-31423-0},
 location = {Berkeley, CA},
 pages = {495--512},
 numpages = {18},
 url = {http://dx.doi.org/10.1007/978-3-642-31424-7_36},
 doi = {10.1007/978-3-642-31424-7_36},
 acmid = {2362263},
 publisher = {Springer-Verlag},
}

@inproceedings{PM12,
  author    = {Prabhakar Misra and
               Mainak Chaudhuri},
  title     = {Performance Evaluation of Concurrent Lock-free Data Structures on
               {GPU}s},
  series = {ICPADS},
publisher = {IEEE},
  pages     = {53--60},
  year      = {2012},
}

% edition = {1st},
@book{cuda-application-design,
 author = {Farber, Rob},
 title = {{CUDA} Application Design and Development},
 year = {2012},
 isbn = {9780123884268, 9780123884329},
 publisher = {Morgan Kaufmann Publishers Inc.},
 address = {San Francisco, CA, USA},
}

@inproceedings{SIMT-formalization,
  author    = {Axel Habermaier and
               Alexander Knapp},
  title     = {On the Correctness of the {SIMT} Execution Model of {GPU}s},
  booktitle = {European Symposium on Programming (ESOP)},
  year      = {2012},
  pages     = {316-335},
}
@proceedings{DBLP:conf/esop/2012,
  editor    = {Helmut Seidl},
  title     = {Programming Languages and Systems - 21st European Symposium
               on Programming, ESOP 2012, Held as Part of the European
               Joint Conferences on Theory and Practice of Software, ETAPS
               2012, Tallinn, Estonia, March 24 - April 1, 2012. Proceedings},
  booktitle = {ESOP},
  publisher = {Springer},
  series    = {Lecture Notes in Computer Science},
  volume    = {7211},
  year      = {2012},
  isbn      = {978-3-642-28868-5},
  ee        = {http://dx.doi.org/10.1007/978-3-642-28869-2},
  bibsource = {DBLP, http://dblp.uni-trier.de}
}


inproceedings{SIMT-formalization,
 author = {Habermaier, Axel and Knapp, Alexander},
 title = {On the Correctness of the {SIMT} Execution Model of {GPU}s},
 series = {ESOP'12},
 year = {2012},
pages = {316--335},
 publisher = {Springer-Verlag},
} 


@inproceedings{owens-persistent,
  author = {Kshitij Gupta and Jeff Stuart and John D. Owens},
  title = {A Study of Persistent Threads Style {GPU}
                  Programming for {GPGPU} Workloads},
  booktitle = {Proceedings of Innovative Parallel Computing},
  series = {InPar '12},
  year = 2012,
  month = may,
  url = {http://www.idav.ucdavis.edu/publications/print_pub?pub_id=1089},
  doi = {10.1109/InPar.2012.6339596},
  publisher = {IEEE Computer Society},
  pages = {1--14},
  ucdcite = {a80}
}

@misc{s-expression-wiki,
author = {Wikipedia},
title  =  {S-expression},
howpublished   =  {\url{http://en.wikipedia.org/wiki/S-expression}},
note = {Accessed: May 2014}}

@inproceedings{ABDGKPSW-2015,
 author = {Alglave, Jade and Batty, Mark and Donaldson, Alastair F. and Gopalakrishnan, Ganesh and Ketema, Jeroen and Poetzl, Daniel and Sorensen, Tyler and Wickerson, John},
 title = {{GPU} Concurrency: Weak Behaviours and Programming Assumptions},
 booktitle = {ASPLOS},
 pages = {577--591},
 publisher = {ACM},
 year = {2015}
} 

@article{SS-1988,
 author = {Shasha, Dennis and Snir, Marc},
 title = {Efficient and Correct Execution of Parallel Programs That Share Memory},
 journal = {TOPLAS},
 issue_date = {April 1988},
 volume = {10},
 number = {2},
 pages = {282--312},
 publisher = {ACM},
} 

@inproceedings{AM-2011,
  author    = {Jade Alglave and
               Luc Maranget},
  title     = {Stability in Weak Memory Models},
  booktitle = {{CAV} 2011},               
  pages     = {50--66},
 publisher = {Springer}
}

@inproceedings{AKNP-2014,
  author    = {Jade Alglave and
               Daniel Kroening and
               Vincent Nimal and
               Daniel Poetzl},
  title     = {Don't Sit on the Fence - {A} Static Analysis Approach to Automatic
               Fence Insertion},
  booktitle = {CAV},
  year = {2014},
  pages     = {508--524},
 publisher = {Springer}
}

@inproceedings{AKT-2013,
  author    = {Jade Alglave and
               Daniel Kroening and
               Michael Tautschnig},
  title     = {Partial Orders for Efficient Bounded Model Checking of Concurrent
               Software},
  booktitle = {CAV},
  year = {2013},
  pages     = {141--157},
 publisher = {Springer}
}

@inproceedings{MA-2015,
  author    = {Adam Morrison and
               Yehuda Afek},
  title     = {Temporally Bounding {TSO} for Fence-Free Asymmetric Synchronization},
  booktitle = {{ASPLOS} 2015},
  pages     = {45--58},
publisher = {{ACM}},
}

@inproceedings{LKKK14,
 author = {Lee, Sangho and Kim, Youngsok and Kim, Jangwoo and Kim, Jong},
 title = {Stealing Webpages Rendered on Your Browser by Exploiting {GPU} Vulnerabilities},
 series = {SP '14},
 pages = {19--33},
 publisher = {IEEE}
} 

@inproceedings{BCDQT12,
 author = {Betts, Adam and Chong, Nathan and Donaldson, Alastair and Qadeer, Shaz and Thomson, Paul},
 title = {{GPUVerify}: A Verifier for {GPU} Kernels},
 booktitle = {OOPSLA},
 pages = {113--132},
 publisher = {ACM},
 year = {2012}
} 

@inproceedings{ND13,
 author = {Norris, Brian and Demsky, Brian},
 title = {{CDSchecker}: Checking Concurrent Data Structures Written with {C/C++} Atomics},
 booktitle = {OOPSLA},
 year = {2013},
 pages = {131--150},
 publisher = {ACM},
}

@incollection{AKNT13,
year={2013},
booktitle={ESOP},
title={Software Verification for Weak Memory via Program Transformation},
publisher={Springer},
author={Alglave, Jade and Kroening, Daniel and Nimal, Vincent and Tautschnig, Michael},
pages={512-532},
language={English}
}

@inproceedings{MA15,
 author = {Morrison, Adam and Afek, Yehuda},
 title = {Temporally Bounding TSO for Fence-Free Asymmetric Synchronization},
 series = {ASPLOS '15},
 pages = {45--58},
 publisher = {ACM},
} 

@inproceedings{MA14,
 author = {Morrison, Adam and Afek, Yehuda},
 title = {Fence-free Work Stealing on Bounded TSO Processors},
 series = {ASPLOS '14},
 pages = {413--426},
 publisher = {ACM},
} 

@book{H11,
 author = {Hwu, Wen-mei W.},
 title = {{GPU} Computing Gems Jade Edition},
 year = {2011},
 publisher = {Morgan Kaufmann}
} 

@inproceedings{TPO10,
  author = {Stanley Tzeng and Anjul Patney and John D. Owens},
  title = {Task Management for Irregular-Parallel Workloads on
                  the {GPU}},
  booktitle = {HPG},
  year = {2010},
  pages = {29--37},
}

@INPROCEEDINGS{BNP12, 
author={Burtscher, M. and Nasre, R. and Pingali, K.}, 
title={A quantitative study of irregular programs on {GPU}s}, 
booktitle = {IISWC},
year = {2012},
pages={141-151},
publisher={IEEE}
}

@inproceedings{WKCK15,
  author = {Jonas Wagner and Volodymyr Kuznetsov and George Candea and Johannes Kinder},
  title = {High System-Code Security with Low Overhead},
series = {S\&P15},
 publisher={IEEE},
  note      = {To appear},
}


@article{GHH15,
 author = {Gaster, Benedict R. and Hower, Derek and Howes, Lee},
 title = {{HRF}-Relaxed: Adapting {HRF} to the Complexities of Industrial Heterogeneous Memory Models},
 journal = {ACM Trans. Archit. Code Optim.},
 issue_date = {April 2015},
 volume = {12},
 number = {1},
 year = {2015},
 pages = {7:1--7:26},
 articleno = {7},
 numpages = {26},
 publisher = {ACM},
} 

@inproceedings{OCYBHW15,
 author = {Orr, Marc S. and Che, Shuai and Yilmazer, Ayse and Beckmann, Bradford M. and Hill, Mark D. and Wood, David A.},
 title = {Synchronization Using Remote-Scope Promotion},
 booktitle = {ASPLOS},
 year = {2015},
 pages = {73--86},
 publisher = {ACM},
} 

@article{WBD15,
  author    = {Wickerson, John and Batty, Mark and Donaldson, Alastair F.},
  title     = {Overhauling {SC} atomics in {C11} and {OpenCL}},
  journal   = {CoRR},
  volume    = {abs/1503.07073},
  year      = {2015},
}

@inproceedings{jk2015-fm,
  AUTHOR    = { Joshi, Saurabh
                and Kroening, Daniel },
  TITLE     = { Property-Driven Fence Insertion using Reorder Bounded Model Checking },
  PUBLISHER = { Springer },
  PAGES     = { 291--307 },
  booktitle = {FM},
  year = {2015}
}

@inproceedings{FNPVY12,
 author = {Liu, Feng and Nedev, Nayden and Prisadnikov, Nedyalko and Vechev, Martin and Yahav, Eran},
 title = {Dynamic Synthesis for Relaxed Memory Models},
 booktitle = {PLDI},
 pages = {429--440},
 year = {2014}
} 

@inproceedings{NFM14,
  author    = {Ethel Bardsley and
               Alastair F. Donaldson},
  title     = {Warps and Atomics: Beyond Barrier Synchronization in the Verification
               of {GPU} Kernels},
  booktitle = {NFM},
  pages     = {230--245},
  year      = {2014},
  publisher = {Springer}
}

@inproceedings{NFM13,
  author    = {Wei{-}Fan Chiang and
               Ganesh Gopalakrishnan and
               Guodong Li and
               Zvonimir Rakamaric},
  title     = {Formal Analysis of {GPU} Programs with Atomics via Conflict-Directed
               Delay-Bounding},
  booktitle = {NFM},
  pages     = {213--228},
  year      = {2013},
  publisher = {Springer}
}


@misc{gpgpusim,
author = {Tor M. Aamodt and Wilson W.L. Fung},
year = {2015},
title = {{GPGPU-Sim} 3.x Manual},
note = {\url{http://gpgpu-sim.org/manual/index.php/GPGPU-Sim_3.x_Manual}}
}



@inproceedings{MeasurementBias,
  author    = {Todd Mytkowicz and
               Amer Diwan and
               Matthias Hauswirth and
               Peter F. Sweeney},
  title     = {Producing wrong data without doing anything obviously wrong!},
  booktitle = {ASPLOS},
  pages     = {265--276},
  year      = {2009},
  publisher = {ACM}
}

@misc{jdo-pc-15,
  author = "John D. Owens",
  note = "15 April. 2015",
  howpublished = "Personal communication"
}

@inproceedings{FL10,
 author = {Flanagan, Cormac and Freund, Stephen N.},
 title = {Adversarial Memory for Detecting Destructive Races},
 series = {PLDI},
 year = {2010},
 pages = {244--254},
 publisher = {ACM},
} 


@article{so11,
  author    = {Jeff A. Stuart and
               John D. Owens},
  title     = {Efficient Synchronization Primitives for {GPUs}},
  journal   = {CoRR},
  volume    = {abs/1110.4623},
  year      = {2011},
  url       = {http://arxiv.org/abs/1110.4623},
  timestamp = {Mon, 05 Dec 2011 18:05:18 +0100},
}

@article{HY11,
 author = {He, Bingsheng and Yu, Jeffrey Xu},
 title = {High-throughput Transaction Executions on Graphics Processors},
 journal = {Proc. VLDB Endow.},
 volume = {4},
 number = {5},
 year = {2011},
 pages = {314--325},
 publisher = {VLDB Endowment},
} 

@phdthesis{DAFAphd,
    title    = {Efficient Hash Tables on the GPU},
    school   = {University of California, Davis},
    author   = {Dan Anthony Feliciano Alcantara},
    year     = {2011}, 
}

@article{NZISS13,
 author = {Nie{\ss}ner, Matthias and Zollh\"{o}fer, Michael and Izadi, Shahram and Stamminger, Marc},
 title = {Real-time {3D} Reconstruction at Scale Using Voxel Hashing},
 journal = {ACM Trans. Graph.},
 volume = {32},
 number = {6},
 year = {2013},
 pages = {169:1--169:11},
 articleno = {169},
 publisher = {ACM},
} 

@article{AG96,
 author = {Adve, Sarita V. and Gharachorloo, Kourosh},
 title = {Shared Memory Consistency Models: A Tutorial},
 journal = {Computer},
 volume = {29},
 number = {12},
 month = Dec,
 year = {1996},
 pages = {66--76},
 publisher = {IEEE Computer Society Press},
} 

@article{LP01,
 author = {Lee, Jaejin and Padua, David A.},
 title = {Hiding Relaxed Memory Consistency with a Compiler},
 journal = {IEEE Trans. Comput.},
 volume = {50},
 number = {8},
 month = aug,
 year = {2001},
 pages = {824--833},
 publisher = {IEEE Computer Society},
} 

@article{SJVZJS13,
 author = {\v{S}ev\v{c}\'{\i}k, Jaroslav and Vafeiadis, Viktor and Zappa Nardelli, Francesco and Jagannathan, Suresh and Sewell, Peter},
 title = {CompCertTSO: A Verified Compiler for Relaxed-Memory Concurrency},
 journal = {J. ACM},
 volume = {60},
 number = {3},
 month = jun,
 year = {2013},
 pages = {22:1--22:50},
 articleno = {22},
 publisher = {ACM},
 address = {New York, NY, USA},
} 

@incollection{YR14,
year={2014},
booktitle={Languages and Compilers for Parallel Computing},
title={Folklore Confirmed: Compiling for Speed = Compiling for Energy},
publisher={Springer},
author={Yuki, Tomofumi and Rajopadhye, Sanjay},
pages={169-184},

}

@inproceedings{BZZ14,
 author = {Burtscher, Martin and Zecena, Ivan and Zong, Ziliang},
 title = {Measuring {GPU} Power with the {K20} Built-in Sensor},
 series = {GPGPU},
 year = {2014},
 pages = {28--36},
 publisher = {ACM},
} 

@inproceedings{CB14,
 author = {Jared Coplin and Martin Burtscher},
 title = { Power Characteristics of Irregular {GPGPU} Programs},
 series = {Workshop on Green Programming, Computing,
and Data Processing (GPCDP)},
 year = {2014},
} 







@inproceedings{DBLP:conf/ics/WuCLSV15,
  author    = {Bo Wu and
               Guoyang Chen and
               Dong Li and
               Xipeng Shen and
               Jeffrey S. Vetter},
  title     = {Enabling and Exploiting Flexible Task Assignment on {GPU} through
               {SM}-Centric Program Transformations},
  booktitle = {ICS},
  pages     = {119--130},
  year      = {2015}
}


@inproceedings{DBLP:conf/isca/TanasicGCRNV14,
  author    = {Ivan Tanasic and
               Isaac Gelado and
               Javier Cabezas and
               Alex Ram{\'{\i}}rez and
               Nacho Navarro and
               Mateo Valero},
  title     = {Enabling preemptive multiprogramming on {GPUs}},
  booktitle = {ISCA},
  pages     = {193--204},
  year      = {2014}
}

@inproceedings{DBLP:conf/ppopp/Muyan-OzcelikO16,
  author    = {Pinar Muyan{-}{\"{O}}z{\c{c}}elik and
               John D. Owens},
  title     = {Multitasking Real-time Embedded {GPU} Computing Tasks},
  booktitle = {PMAM},
  pages     = {78--87},
  year      = {2016}
}

@inproceedings{DBLP:conf/asplos/ParkPM15,
  author    = {Jason Jong Kyu Park and
               Yongjun Park and
               Scott A. Mahlke},
  title     = {Chimera: Collaborative Preemption for Multitasking on a Shared {GPU}},
  booktitle = {ASPLOS},
  pages     = {593--606},
  year      = {2015}
}

@article{DBLP:journals/tog/SteinbergerKBKDS14,
  author    = {Markus Steinberger and
               Michael Kenzel and
               Pedro Boechat and
               Bernhard Kerbl and
               Mark Dokter and
               Dieter Schmalstieg},
  title     = {Whippletree: task-based scheduling of dynamic workloads on the {GPU}},
  journal   = {{ACM} Trans. Graph.},
  volume    = {33},
  number    = {6},
  pages     = {228:1--228:11},
  year      = {2014}
}

@inproceedings{DBLP:conf/usenix/KatoLRI11,
  author    = {Shinpei Kato and
               Karthik Lakshmanan and
               Ragunathan Rajkumar and
               Yutaka Ishikawa},
  title     = {TimeGraph: {GPU} Scheduling for Real-Time Multi-Tasking Environments},
  booktitle = {USENIX ATC},
  year      = {2011}
}

@Misc{HSAprogramming11,
author = {{HSA Foundation}},
title  =  "{HSAIL} Virtual {ISA} and Programming Model, Compiler Writer,
                  and Object Format {(BRIG)}",
note   =  {\url{http://www.hsafoundation.com/standards/}},
year = {2016},
month = {February}
}

@Misc{opencl2Spec,
author = {{Khronos Group}},
title  =  "The {OpenCL} Specification Version: 2.0 (rev. 29)",
note   =  {\url{https://www.khronos.org/registry/cl/specs/opencl-2.0.pdf}},
year = {2015},
month = {July}
}

@inproceedings{DBLP:conf/oopsla/SorensenDBGR16,
  author    = {Tyler Sorensen and
               Alastair F. Donaldson and
               Mark Batty and
               Ganesh Gopalakrishnan and
               Zvonimir Rakamaric},
  title     = {Portable inter-workgroup barrier synchronisation for {GPUs}},
  booktitle = {OOPSLA},
  pages     = {39--58},
  year      = {2016}
}

@inproceedings{DBLP:conf/oopsla/PaiP16,
  author    = {Sreepathi Pai and
               Keshav Pingali},
  title     = {A compiler for throughput optimization of graph algorithms on GPUs},
  booktitle = {OOPSLA},
  pages     = {1--19},
  year      = {2016}
}

@inproceedings{DBLP:conf/ipps/KaleemVPHP16,
  author    = {Rashid Kaleem and
               Anand Venkat and
               Sreepathi Pai and
               Mary W. Hall and
               Keshav Pingali},
  title     = {Synchronization Trade-Offs in {GPU} Implementations of Graph Algorithms},
  booktitle = {IPDPS},
  pages     = {514--523},
  year      = {2016}
}


@inproceedings{DBLP:conf/ipps/DavidsonBGO14,
  author    = {Andrew A. Davidson and
               Sean Baxter and
               Michael Garland and
               John D. Owens},
  title     = {Work-Efficient Parallel {GPU} Methods for Single-Source Shortest Paths},
  booktitle = {IPDPS},
  pages     = {349--359},
  year      = {2014}
}

@inproceedings{DBLP:conf/hipc/HarishN07,
  author    = {Pawan Harish and
               P. J. Narayanan},
  title     = {Accelerating Large Graph Algorithms on the {GPU} Using {CUDA}},
  booktitle = {HiPC},
  pages     = {197--208},
  year      = {2007}
}

@article{DBLP:journals/topc/MerrillGG15,
  author    = {Duane Merrill and
               Michael Garland and
               Andrew S. Grimshaw},
  title     = {High-Performance and Scalable {GPU} Graph Traversal},
  journal   = {{TOPC}},
  volume    = {1},
  number    = {2},
  pages     = {14},
  year      = {2015}
}

@inproceedings{DBLP:conf/egh/VineetHPN09,
  author    = {Vibhav Vineet and
               Pawan Harish and
               Suryakant Patidar and
               P. J. Narayanan},
  title     = {Fast minimum spanning tree for large graphs on the {GPU}},
  booktitle = {HPG},
  pages     = {167--171},
  year      = {2009}
}


@inproceedings{DBLP:conf/ppopp/NobariCKB12,
  author    = {Sadegh Nobari and
               Thanh{-}Tung Cao and
               Panagiotis Karras and
               St{\'{e}}phane Bressan},
  title     = {Scalable parallel minimum spanning forest computation},
  booktitle = {PPoPPP},
  pages     = {205--214},
  year      = {2012}
}

@inproceedings{DBLP:conf/hpcc/SolomonTT10a,
  author    = {Steven Solomon and
               Parimala Thulasiraman and
               Ruppa K. Thulasiram},
  title     = {Exploiting Parallelism in Iterative Irregular Maxflow Computations
               on {GPU} Accelerators},
  booktitle = {HPCC},
  pages     = {297--304},
  year      = {2010}
}

@inproceedings{DBLP:conf/popl/PrabhuRMH11,
  author    = {Tarun Prabhu and
               Shreyas Ramalingam and
               Matthew Might and
               Mary W. Hall},
  title     = {{EigenCFA}: accelerating flow analysis with {GPUs}},
  booktitle = {POPL},
  pages     = {511--522},
  year      = {2011}
}

@inproceedings{DBLP:conf/ppopp/Mendez-LojoBP12,
  author    = {Mario M{\'{e}}ndez{-}Lojo and
               Martin Burtscher and
               Keshav Pingali},
  title     = {A {GPU} implementation of inclusion-based points-to analysis},
  booktitle = {PPoPP},
  pages     = {107--116},
  year      = {2012}
}

@inproceedings{DBLP:conf/iwocl/SorensenD16,
  author    = {Tyler Sorensen and
               Alastair F. Donaldson},
  title     = {The Hitchhiker's Guide to Cross-Platform {OpenCL} Application Development},
  booktitle = {IWOCL},
  pages     = {2:1--2:12},
  year      = {2016}
}

@article{DBLP:journals/comsur/Vallina-RodriguezC13,
  author    = {Narseo Vallina{-}Rodriguez and
               Jon Crowcroft},
  title     = {Energy Management Techniques in Modern Mobile Handsets},
  journal   = {{IEEE} Communications Surveys and Tutorials},
  volume    = {15},
  number    = {1},
  pages     = {179--198},
  year      = {2013}
}

@misc{PersonalCommunicationRichards,
  author = "Andrew Richards",
  note = "CEO of Codeplay Software Ltd.  2 September 2016",
  howpublished = "Personal communication"
}

@misc{PersonalCommunicationHowes,
  author = "Lee W.~Howes",
  note = "Editor of the OpenCL 2.0 specification.  10 September 2016",
  howpublished = "Personal communication",
}


@misc{C11,
author = {{ISO/IEC}},
title = {Programming languages -- {C}.  {International standard 9899:2011}},
year = {2011}
}

@book{HS08,
 author = {Herlihy, Maurice and Shavit, Nir},
 title = {The Art of Multiprocessor Programming},
 year = {2008},
 publisher = {Morgan Kaufmann Publishers Inc.},
} 
